<record xmlns="http://www.loc.gov/MARC21/slim" xmlns:xsi="http://www.w3.org/2001/XMLSchema-instance" xsi:schemaLocation="http://www.loc.gov/MARC21/slim http://www.loc.gov/standards/marcxml/schema/MARC21slim.xsd"><leader>00493cz   2200145n  4500</leader><controlfield tag="001">oca00278485 </controlfield><controlfield tag="003">OCoLC</controlfield><controlfield tag="005">20050811112654.0</controlfield><controlfield tag="008">790604n| acannaab           |a aaa      </controlfield><datafield ind1=" " ind2=" " tag="010"><subfield code="a">n  79045090 </subfield></datafield><datafield ind1=" " ind2=" " tag="040"><subfield code="a">DLC</subfield><subfield code="c">DLC</subfield><subfield code="d">NjP</subfield><subfield code="d">DLC</subfield></datafield><datafield ind1="0" ind2=" " tag="100"><subfield code="a">Erinna</subfield></datafield><datafield ind1="0" ind2=" " tag="400"><subfield code="a">Herinna</subfield></datafield><datafield ind1=" " ind2=" " tag="670"><subfield code="a">Sappho. The songs of Sappho ... 1925.</subfield></datafield><datafield ind1=" " ind2=" " tag="670"><subfield code="a">Studi sulle testimonianze di Erinna, 1996:</subfield><subfield code="b">p. 59, etc. (Herinna [in Greek]; her name appears with and without aspiration in ancient Greek testimonies; poetess)</subfield></datafield></record>